@ARTICLE{CMMP.64.Lebedev,
  AUTHOR = {V[] I[] Lebedev},
  TITLE = {Difference analogues of orthogonal decompositions, basic
    differential operators and some boundary problems of mathematical physics.
    {I}},
  JOURNAL = {USSR Computational Mathematics and Mathematical Physics},
  YEAR = {1964},
  VOLUME = {4},
  NUMBER = {3},
  PAGES = {69--92},
  NOTE = {\href{https://doi.org/10.1016/0041-5553(64)90240-X}{doi:
    10.1016/0041-5553(64)90240-X}}
}

@ARTICLE{IEEE.66.Yee,
  AUTHOR = {Kane Yee},
  JOURNAL = {IEEE Transactions on Antennas and Propagation},
  TITLE = {Numerical solution of initial boundary value problems involving
    {M}axwell's equations in isotropic media},
  YEAR = {1966},
  VOLUME = {14},
  NUMBER = {3},
  PAGES = {302--307},
  NOTE = {\href{https://doi.org/10.1109/TAP.1966.1138693}{doi:
    10.1109/TAP.1966.1138693}}
}

@ARTICLE{GP.71.Ghosh,
  AUTHOR   = {Deva Prasad Ghosh},
  TITLE    = {The application of linear filter theory to the direct
    interpretation of geoelectrical resistivity sounding measurements},
  JOURNAL  = {Geophysical Prospecting},
  VOLUME   = {19},
  NUMBER   = {2},
  PUBLISHER= {Blackwell Publishing Ltd},
  NOTE     = {\href{https://doi.org/10.1111/j.1365-2478.1971.tb00593.x}{doi:
    10.1111/j.1365-2478.1971.tb00593.x}},
  PAGES    = {192--217},
  YEAR     = {1971},
}

@ARTICLE{SIAM.80.Fritsch,
  AUTHOR = {F[] Fritsch and R[] Carlson},
  TITLE = {Monotone Piecewise Cubic Interpolation},
  JOURNAL = {SIAM Journal on Numerical Analysis},
  VOLUME = {17},
  NUMBER = {2},
  PAGES = {238--246},
  YEAR = {1980},
  NOTE = {\href{https://doi.org/10.1137/0717021}{doi: 10.1137/0717021}}
}

@INCOLLECTION{B.SEG.88.Ward,
  AUTHOR    = {Stanley H[] Ward and Gerald W[] Hohmann},
  TITLE     = {Electromagnetic Theory for Geophysical Applications},
  CHAPTER   = {4},
  PAGES     = {130--311},
  crossref  = {B.SEG.88.Nabighian},
  NOTE = {\href{https://doi.org/10.1190/1.9781560802631.ch4}{doi: 10.1190/1.9781560802631.ch4}},
  }

@BOOK{B.SEG.88.Nabighian,
  EDITOR    = {Misac N[] Nabighian},
  TITLE     = {Electromagnetic Methods In Applied Geophysics Vol.\ 1},
  NUMBER    = {3},
  PUBLISHER = {SEG},
  SERIES    = {Investigations in Geophysics},
  YEAR      = {1988},
  NOTE      = {\href{https://doi.org/10.1190/1.9781560802631}{doi: 10.1190/1.9781560802631}}
  }

@BOOK{B.SEG.99.Oristaglio,
  AUTHOR = {Michael Oristaglio and Brian Spies},
  TITLE = {Three-Dimensional Electromagnetics},
  PUBLISHER = seg,
  YEAR = {1999},
  SERIES = {Geophysical Developments},
  VOLUME = {7},
  NOTE = {\href{https://doi.org/10.1190/1.9781560802154}{doi:
    10.1190/1.9781560802154}}
}

@ARTICLE{RAS.00.Hamilton,
  AUTHOR   = {A[] J[] S[] Hamilton},
  TITLE    = {Uncorrelated modes of the non-linear power spectrum},
  JOURNAL  = {Monthly Notices of the Royal Astronomical Society},
  NUMBER   = {2},
  VOLUME   = {312},
  PAGES    = {257--284},
  YEAR     = {2000},
  NOTE     = {\href{https://doi.org/10.1046/j.1365-8711.2000.03071.x}{doi:
    10.1046/j.1365-8711.2000.03071.x}}
}

@ARTICLE{GEO.03.Davydycheva,
  AUTHOR = {Sofia Davydycheva and Vladimir Druskin and Tarek Habashy},
  TITLE = {An efficient finite-difference scheme for electromagnetic logging in
    {3D} anisotropic inhomogeneous media},
  JOURNAL = {Geophysics},
  VOLUME = {68},
  NUMBER = {5},
  PAGES = {1525--1536},
  YEAR = {2003},
  NOTE = {\href{https://doi.org/10.1190/1.1620626}{doi: 10.1190/1.1620626}}
}

@ARTICLE{GP.06.Mulder,
  AUTHOR   = {Wim A[] Mulder},
  TITLE    = {A multigrid solver for {3D} electromagnetic diffusion},
  YEAR     = {2006},
  JOURNAL  = {Geophysical Prospecting},
  VOLUME   = {54},
  NUMBER   = {5},
  PAGES    = {633--649},
  NOTE     = {\href{https://doi.org/10.1111/j.1365-2478.2006.00558.x}{doi:
    10.1111/j.1365-2478.2006.00558.x}}
}

@ARTICLE{GEO.05.Pedersen,
  AUTHOR = {Laust B[] Pedersen and M[] Bastani and L[] Dynesius},
  TITLE = {Groundwater exploration using combined controlled-source and radiomagnetotelluric techniques},
  JOURNAL = {Geophysics},
  VOLUME = {70},
  NUMBER = {1},
  PAGES = {G8--G15},
  YEAR = {2005},
  NOTE = {\href{https://doi.org/10.1190/1.1852774}{doi: 10.1190/1.1852774}}
}

@ARTICLE{SG.05.Avdeev,
  AUTHOR = {Dimitry B[] Avdeev},
  TITLE = {Three-dimensional electromagnetic modelling and inversion from
    theory to application},
  JOURNAL = {Surveys in Geophysics},
  YEAR = {2005},
  VOLUME = {26},
  NUMBER = {6},
  PAGES = {767--799},
  NOTE = {\href{https://doi.org/10.1007/s10712-005-1836-x}{doi:
    10.1007/s10712-005-1836-x}}
}

@ARTICLE{ECCFD.06.Jonsthovel,
  AUTHOR = {T[] B[]  Jönsthövel and C[] W[] Oosterlee and Wim A[] Mulder},
  TITLE = {Improving multigrid for {3-D} electro-magnetic diffusion on
    stretched grids},
  PUBLISHER = {ECCOMAS CFD},
  YEAR = {2006},
  JOURNAL = {European Conference on Computational Fluid Dynamics},
  VOLUME = {},
  NOTE =
  {\href{http://resolver.tudelft.nl/uuid:df65da5c-e43f-47ab-b80d-2f8ee7f35464}
   {UUID: df65da5c-e43f-47ab-b80d-2f8ee7f35464}}
}

@ARTICLE{GEO.07.Plessix,
  AUTHOR = {R[]-E[] Plessix and M[] Darnet and Wim A[] Mulder},
  TITLE = {An approach for {3D} multisource, multifrequency {CSEM} modeling},
  JOURNAL = {Geophysics},
  VOLUME = {72},
  NUMBER = {5},
  PAGES = {SM177--SM184},
  YEAR = {2007},
  NOTE = {\href{https://doi.org/10.1190/1.2744234}{doi: 10.1190/1.2744234}}
}

@ARTICLE{EAGE.07.Mulder,
  AUTHOR = {W[] A[] Mulder},
  TITLE = {A Robust Solver for {CSEM} Modelling on Stretched Grids},
  PUBLISHER = {EAGE},
  YEAR = {2007},
  JOURNAL = {EAGE Technical Program Expanded Abstracts},
  PAGES = {D036},
  NOTE = {\href{https://doi.org/10.3997/2214-4609.201401567}{doi:
    10.3997/2214-4609.201401567}}
}

@ARTICLE{SEG.07.Avdeeva,
  AUTHOR = {Anna Avdeeva and Michael Commer and Gregory A[] Newman},
  TITLE = {Hydrocarbon reservoir detectability study for marine {CSEM} methods:
    {T}ime domain versus frequency domain},
  JOURNAL = {SEG Technical Program Expanded Abstracts},
  PAGES = {628-632},
  YEAR = {2007},
  NOTE = {\href{https://doi.org/10.1190/1.2792497}{doi: 10.1190/1.2792497}}
}

@ARTICLE{SEG.07.Andreis,
  AUTHOR = {David Andréis and Lucy MacGregor},
  TITLE = {Time‐domain versus frequency‐domain {CSEM} in shallow water},
  JOURNAL = {SEG Technical Program Expanded Abstracts},
  PAGES = {643-647},
  YEAR = {2007},
  NOTE = {\href{https://doi.org/10.1190/1.2792500}{doi: 10.1190/1.2792500}}
}

@ARTICLE{GEO.07.Ziolkowski,
  AUTHOR = {Anton Ziolkowski and Bruce Hobbs and David Wright},
  TITLE = {Multitransient electromagnetic demonstration survey in {F}rance},
  PUBLISHER = seg,
  YEAR = {2007},
  JOURNAL = geo,
  VOLUME = {72},
  NUMBER = {4},
  PAGES = {F197--F209},
  NOTE = {\href{https://doi.org/10.1190/1.2735802}{doi: 10.1190/1.2735802}}
  }

@ARTICLE{IP.08.Plessix,
  AUTHOR = {R-{\'{E}} Plessix and W[] A[] Mulder},
  TITLE = {Resistivity imaging with controlled-source electromagnetic data: depth and data weighting},
  JOURNAL = {Inverse Problems},
  YEAR = {2008},
  PUBLISHER = {{IOP} Publishing},
  VOLUME = {24},
  NUMBER = {3},
  PAGES = {034012},
  NOTE = {\href{https://doi.org/10.1088/0266-5611/24/3/034012}{doi: 10.1088/0266-5611/24/3/034012}}
}

@ARTICLE{GEO.08.Mulder,
  AUTHOR   = {Wim A[] Mulder and M[] Wirianto and E[] Slob},
  TITLE    = {Time-domain modeling of electromagnetic diffusion with a
      frequency-domain code},
  JOURNAL  = {Geophysics},
  VOLUME   = {73},
  NUMBER   = {1},
  PAGES    = {F1--F8},
  YEAR     = {2008},
  NOTE     = {\href{https://doi.org/10.1190/1.2799093}{doi: 10.1190/1.2799093}}
}

@ARTICLE{GEO.09.Key,
  AUTHOR   = {Kerry Key},
  TITLE    = {{1D} inversion of multicomponent, multifrequency marine {CSEM}
data: {M}ethodology and synthetic studies for resolving thin resistive layers},
  JOURNAL  = {Geophysics},
  VOLUME   = {74},
  NUMBER   = {2},
  YEAR     = {2009},
  PAGES    = {F9--F20},
  NOTE     = {\href{https://doi.org/10.1190/1.3058434}{doi: 10.1190/1.3058434}},
  }

@ARTICLE{SG.10.Borner,
  AUTHOR = {Ralph-Uwe Börner},
  TITLE = {Numerical Modelling in Geo-Electromagnetics: Advances and
           Challenges},
  JOURNAL = {Surveys in Geophysics},
  VOLUME = {31},
  NUMBER = {2},
  PAGES = {225--245},
  YEAR = {2010},
  NOTE = {\href{https://doi.org/10.1007/s10712-009-9087-x}{doi:
    10.1007/s10712-009-9087-x}}
}

@ARTICLE{GEO.10.Constable,
  AUTHOR = {Steven Constable},
  TITLE = {Ten years of marine {CSEM} for hydrocarbon exploration},
  YEAR = {2010},
  JOURNAL = {Geophysics},
  VOLUME = {75},
  NUMBER = {5},
  PAGES = {75A67--75A81},
  NOTE = {\href{https://doi.org/10.1190/1.3483451}{doi: 10.1190/1.3483451}}
}

@ARTICLE{PIER.10.Slob,
  AUTHOR   = {Evert Slob and Jürg Hunziker and W[] A[] Mulder},
  TITLE    = {Green's tensors for the diffusive electric field in a {VTI} half-space},
  JOURNAL  = {PIER},
  VOLUME   = {107},
  PAGES    = {1--20},
  YEAR     = {2010},
  NOTE     = {\href{https://doi.org/10.2528/PIER10052807}{doi: 10.2528/PIER10052807}}
}

@INBOOK{B.Springer.20.Mulder,
  AUTHOR = {Wim A[] Mulder},
  EDITOR = {Harsh K[] Gupta},
  TITLE = {Numerical Methods, Multigrid},
  BOOKTITLE = {Encyclopedia of Solid Earth Geophysics},
  YEAR = {2020},
  PUBLISHER = {Springer International Publishing},
  ADDRESS = {Cham},
  PAGES = {1--6},
  ISBN = {978-3-030-10475-7_153-1},
  NOTE = {\href{https://doi.org/10.1007/978-3-030-10475-7_153-1}{doi:
    978-3-030-10475-7\_153-1}}
}

@ARTICLE{GEO.12.Key,
  AUTHOR   = {Kerry Key},
  TITLE    = {Is the fast {H}ankel transform faster than quadrature?},
  JOURNAL  = {Geophysics},
  VOLUME   = {77},
  NUMBER   = {3},
  YEAR     = {2012},
  PAGES    = {F21--F30},
  NOTE     = {\href{https://doi.org/10.1190/GEO2011-0237.1}{doi: 10.1190/GEO2011-0237.1}},
}

@ARTICLE{GP.13.Conell,
  AUTHOR = {Dylan Connell and Kerry Key},
  TITLE = {A numerical comparison of time and frequency-domain marine electromagnetic methods for hydrocarbon exploration in shallow water},
  JOURNAL = {Geophysical Prospecting},
  VOLUME = {61},
  NUMBER = {1},
  PAGES = {187--199},
  YEAR = {2013},
  NOTE = {\href{https://doi.org/10.1111/j.1365-2478.2012.01037.x}{doi: 10.1111/j.1365-2478.2012.01037.x}}
}

@ARTICLE{CAG.13.Sommer,
  AUTHOR = {M[] Sommer and S[] Hölz and M[] Moorkamp and A[] Swidinsky and B[]
      Heincke and C[] Scholl and M[] Jegen},
  TITLE = {{GPU} parallelization of a three dimensional marine {CSEM} code},
  JOURNAL = {Computers \& Geosciences},
  VOLUME = {58},
  PAGES = {91--99},
  YEAR = {2013},
  NOTE = {\href{https://doi.org/10.1016/j.cageo.2013.04.004}{doi:
      10.1016/j.cageo.2013.04.004}},
}

@ARTICLE{GJI.13.Grayver,
  AUTHOR = {A[] V[] Grayver and R[] Streich and O[] Ritter},
  TITLE = {Three-dimensional parallel distributed inversion of {CSEM} data
    using a direct forward solver},
  JOURNAL = {Geophysical Journal International},
  VOLUME = {193},
  NUMBER = {3},
  PAGES = {1432--1446},
  YEAR = {2013},
  NOTE = {\href{https://doi.org/10.1093/gji/ggt055}{doi: 10.1093/gji/ggt055}}
}

@ARTICLE{GEO.14.Jahandari,
  AUTHOR = {Hormoz Jahandari and Colin G[] Farquharson},
  TITLE = {A finite-volume solution to the geophysical electromagnetic forward
    problem using unstructured grids},
  JOURNAL = {Geophysics},
  VOLUME = {79},
  NUMBER = {6},
  PAGES = {E287--E302},
  YEAR = {2014},
  NOTE = {\href{https://doi.org/10.1190/geo2013-0312.1}{doi:
    10.1190/geo2013-0312.1}}
}

@ARTICLE{INT.14.Werthmuller,
  AUTHOR = {Dieter Werthmüller and Anton Ziolkowski and David Wright},
  TITLE = {Predicting controlled-source electromagnetic responses from seismic velocities},
  JOURNAL = {Interpretation},
  VOLUME = {2},
  NUMBER = {3},
  PAGES = {SH115--SH131},
  YEAR = {2014},
  NOTE = {\href{https://doi.org/10.1190/INT-2013-0153.1}{doi: 10.1190/INT-2013-0153.1}}
}

@ARTICLE{GEO.15.Hunziker,
  AUTHOR = {Jürg Hunziker and Jan Thorbecke and Evert Slob},
  TITLE = {The electromagnetic response in a layered vertical transverse isotropic medium: {A} new look at an old problem},
  YEAR = {2015},
  JOURNAL = {Geophysics},
  VOLUME = {80},
  NUMBER = {1},
  PAGES = {F1--F18},
  NOTE = {\href{https://doi.org/10.1190/geo2013-0411.1}{doi: 10.1190/geo2013-0411.1}}
  }

@ARTICLE{CAG.15.Cockett,
  AUTHOR = {Rowan Cockett and Seogi Kang and Lindsey J[] Heagy and Adam
    Pidlisecky and Douglas W[] Oldenburg},
  TITLE = {{SimPEG}: {A}n open source framework for simulation and gradient
    based parameter estimation in geophysical applications},
  JOURNAL = {Computers \& Geosciences},
  VOLUME = {85},
  PAGES = {142--154},
  YEAR = {2015},
  NOTE = {\href{https://doi.org/10.1016/j.cageo.2015.09.015}{doi:
    10.1016/j.cageo.2015.09.015}}
}

@ARTICLE{WGC.15.Girard,
  AUTHOR = {Jean-François Girard and Nicolas Coppo and Pierre Wawrzyniak and
    Bernard Bourgeois and Jean-Michel Baltassat and Alain Gadalia},
  TITLE = {Resistivity Imaging for Geothermal Exploration, using
    Controlled-Source {EM} where Magneto-Telluric is not Applicable: Model and
      Field Study.},
  PUBLISHER = {World Geothermal Congress},
  YEAR = {2015},
  JOURNAL = {Proceedings World Geothermal Congress},
  PAGES = {1--8},
} https://www.geothermal-energy.org/pdf/IGAstandard/WGC/2015/13099.pdf

@ARTICLE{GJI.15.Jaysaval,
  AUTHOR = {Piyoosh Jaysaval and Daniil V[] Shantsev and Sébastien de la
    Kethulle de Ryhove},
  TITLE = {Efficient {3-D} controlled-source electromagnetic modelling using an
    exponential finite-difference method},
  JOURNAL = {Geophysical Journal International},
  VOLUME = {203},
  NUMBER = {3},
  PAGES = {1541--1574},
  YEAR = {2015},
  NOTE = {\href{https://doi.org/10.1093/gji/ggv377}{doi: 10.1093/gji/ggv377}}
}

@ARTICLE{GEO.15.Grayver,
  AUTHOR = {Alexander V[] Grayver and Tzanio V[] Kolev},
  TITLE = {Large-scale {3D} geoelectromagnetic modeling using parallel adaptive
    high-order finite element method},
  JOURNAL = {Geophysics},
  VOLUME = {80},
  NUMBER = {6},
  PAGES = {E277--E291},
  YEAR = {2015},
  NOTE = {\href{https://doi.org/10.1190/geo2015-0013.1}{doi:
    10.1190/geo2015-0013.1}}
}

@INPROCEEDINGS{Numba,
  AUTHOR    = {Siu Kwan Lam and Antoine Pitrou and Stanley Seibert},
  TITLE     = {{Numba: A LLVM-based Python JIT Compiler}},
  BOOKTITLE = {Proceedings of the Second Workshop on the LLVM Compiler
    Infrastructure in HPC},
  SERIES = {LLVM '15},
  YEAR = {2015},
  ISBN = {978-1-4503-4005-2},
  PAGES = {7:1--7:6},
  PUBLISHER = {ACM},
  NOTE = {\href{https://doi.org/10.1145/2833157.2833162}
    {doi: 10.1145/2833157.2833162}}
}

@ARTICLE{CAG.17.Cai,
  AUTHOR = {Hongzhu Cai and Xiangyun Hu and Jianhui Li and Masashi Endo and Bin
    Xiong},
  TITLE = {Parallelized {3D} {CSEM} modeling using edge-based finite element
    with total field formulation and unstructured mesh},
  JOURNAL = {Computers \& Geosciences},
  VOLUME = {99},
  PAGES = {125--134},
  YEAR = {2017},
  NOTE = {\href{https://doi.org/10.1016/j.cageo.2016.11.009}{doi:
    10.1016/j.cageo.2016.11.009}}
}

@ARTICLE{MGS.17.Kruglyakov,
  AUTHOR = {Mikhail Kruglyakov and Lidia Bloshanskaya},
  TITLE = {High-Performance Parallel Solver for Integral Equations of
      Electromagnetics Based on {G}alerkin Method},
  JOURNAL = {Mathematical Geosciences},
  YEAR = {2017},
  VOLUME = {49},
  NUMBER = {6},
  PAGES = {751--776},
  NOTE = {\href{https://doi.org/10.1007/s11004-017-9677-y}{doi:
      10.1007/s11004-017-9677-y}},
}

@ARTICLE{GEO.17.Werthmuller,
  AUTHOR = {Dieter Werthmüller},
  TITLE = {An open-source full {3D} electromagnetic modeler for {1D} {VTI}
    media in {P}ython: empymod},
  YEAR = {2017},
  JOURNAL = {Geophysics},
  VOLUME = {82},
  NUMBER = {6},
  PAGES = {WB9--WB19},
  NOTE = {\href{https://doi.org/10.1190/geo2016-0626.1}{doi:
    10.1190/geo2016-0626.1}}
  }

@ARTICLE{GEO.18.Liu,
  AUTHOR = {Rong Liu and Rongwen Guo and Jianxin Liu and Changying Ma and
    Zhenwei Guo},
  TITLE = {A hybrid solver based on the integral equation method and vector
    finite-element method for {3D} controlled-source electromagnetic method
      modeling},
  JOURNAL = {Geophysics},
  VOLUME = {83},
  NUMBER = {5},
  PAGES = {E319--E333},
  YEAR = {2018},
  NOTE = {\href{https://doi.org/10.1190/geo2017-0502.1}{doi:
    10.1190/geo2017-0502.1}}
}

@ARTICLE{GEO.19.Werthmuller,
  AUTHOR   = {Dieter Werthmüller and Kerry Key and Evert Slob},
  TITLE    = {A tool for designing digital filters for the {H}ankel and
    {F}ourier transforms in potential, diffusive, and wavefield modeling},
  YEAR     = {2019},
  JOURNAL  = {Geophysics},
  VOLUME   = {84},
  NUMBER   = {2},
  PAGES    = {F47--F56},
  NOTE     = {\href{https://doi.org/10.1190/geo2018-0069.1}{doi:
    10.1190/geo2018-0069.1}}
 }

@ARTICLE{JOSS.19.Werthmuller,
  AUTHOR   = {Dieter Werthmüller and Wim A[] Mulder and Evert C[] Slob},
  TITLE    = {{e}mg3d: {A} multigrid solver for {3D} electromagnetic diffusion},
  YEAR     = {2019},
  JOURNAL  = {Journal of Open Source Software},
  VOLUME   = {4},
  NUMBER   = {39},
  PAGES    = {1463},
  NOTE     = {\href{https://doi.org/10.21105/joss.01463}{doi:
    10.21105/joss.01463}}
 }

@BOOK{B.CUP.19.Ziolkowski,
  AUTHOR   = {A[] Ziolkowski and E[] Slob},
  TITLE    = {Introduction to Controlled-Source Electromagnetic Methods},
  PUBLISHER= {Cambridge University Press},
  YEAR     = {2019},
  ISBN     = {9781107058620},
  NOTE     = {\href{https://www.cambridge.org/9781107058620}{isbn:
    9781107058620}}
}

@ARTICLE{GEO.19.Rochlitz,
  AUTHOR = {Raphael Rochlitz and Nico Skibbe and Thomas Günther},
  TITLE = {{custEM}: customizable finite element simulation of complex
    controlled-source electromagnetic data},
  JOURNAL = {Geophysics},
  VOLUME = {84},
  NUMBER = {2},
  PAGES = {F17--F33},
  YEAR = {2019},
  NOTE = {\href{https://doi.org/10.1190/geo2018-0208.1}{doi:
    10.1190/geo2018-0208.1}}
}

@ARTICLE{GRL.19.Gehrmann,
  AUTHOR = {R[] A[] S[] Gehrmann and L[] J[] North and S[] Graber and F[] Szitkar and S[] Petersen and T[] A[] Minshull and B[] J[] Murton},
  TITLE = {Marine Mineral Exploration With Controlled Source Electromagnetics
    at the {TAG} Hydrothermal Field, {26°N Mid-Atlantic Ridge}},
  YEAR = {2019},
  JOURNAL = {Geophysical Research Letters},
  VOLUME = {46},
  NUMBER = {11},
  PAGES = {5808--5816},
  NOTE = {\href{https://doi.org/10.1029/2019GL082928}{doi: 10.1029/2019GL082928}}
}

@ARTICLE{NAT.19.Johanson,
  AUTHOR = {Ståle Emil Johansen and Martin Panzner and Rune Mittet and
            Hans E[] F[] Amundsen and Anna Lim and Eirik Vik and
            Martin Landrø and Børge Arntsen},
  TITLE = {Deep electrical imaging of the ultraslow-spreading {Mohns Ridge}},
  YEAR = {2019},
  JOURNAL = {Nature},
  VOLUME = {567},
  NUMBER = {7748},
  PAGES = {379--383},
  NOTE = {\href{https://doi.org/10.1038/s41586-019-1010-0}{doi:
    10.1038/s41586-019-1010-0}}
}

@ARTICLE{EAGE.20.Werthmuller,
  AUTHOR = {Dieter Werthmüller and Evert C[] Slob},
  TITLE = {Time-domain {CSEM} modelling using frequency- and {L}aplace-domain
    computations},
  PUBLISHER = {EAGE},
  YEAR = {2020},
  JOURNAL = {EAGE Technical Program Expanded Abstracts},
  PAGES = {319},
  NOTE = {\href{https://doi.org/10.3997/2214-4609.202010319}{doi: 10.3997/2214-4609.202010319}},
}

@ARTICLE{GEO.11.Zaslavsky,
  AUTHOR = {M[] Zaslavsky and V[] Druskin and L[] Knizhnerman},
  TITLE = {Solution of {3D} time-domain electromagnetic problems using optimal
           subspace projection},
  JOURNAL = {Geophysics},
  VOLUME = {76},
  NUMBER = {6},
  PAGES = {F339--F351},
  YEAR = {2011},
  NOTE = {\href{https://doi.org/10.1190/geo2011-0088.1}{doi: 10.1190/geo2011-0088.1}},
}

@ARTICLE{AEU.77.Weiland,
  AUTHOR = {Thomas Weiland},
  YEAR = {1977},
  NUMBER = {3},
  PAGES = {116--120},
  TITLE = {Eine {M}ethode zur {L}ösung der {M}axwellschen {G}leichungen für sechskomponentige {F}elder auf diskreter {B}asis},
  VOLUME = {31},
  JOURNAL = {Archiv für Elektronik und Übertragungstechnik},
  NOTE = {pdf: \url{https://www.leibniz-publik.de/de/fs1/object/display/bsb00064886_00001.html}}
}

@ARTICLE{RS.06.Commer,
  AUTHOR = {Michael Commer and Gregory A[] Newman},
  TITLE = {An accelerated time domain finite difference simulation scheme for three-dimensional transient electromagnetic modeling using geometric multigrid concepts},
  JOURNAL = {Radio Science},
  VOLUME = {41},
  NUMBER = {3},
  PAGES = {},
  YEAR = {2006},
  NOTE = {\href{https://doi.org/10.1029/2005RS003413}{doi: 10.1029/2005RS003413}},
}

@ARTICLE{GEO.10.Mittet,
  AUTHOR = {Rune Mittet},
  TITLE = {High-order finite-difference simulations of marine {CSEM} surveys using a correspondence principle for wave and diffusion fields},
  JOURNAL = {Geophysics},
  VOLUME = {75},
  NUMBER = {1},
  PAGES = {F33--F50},
  YEAR = {2010},
  NOTE = {\href{https://doi.org/10.1190/1.3278525}{doi: 10.1190/1.3278525}}
}

@ARTICLE{GEO.07.Maao,
  AUTHOR = {Frank A[] Maaø},
  TITLE = {Fast finite-difference time-domain modeling for marine-subsurface electromagnetic problems},
  JOURNAL = {Geophysics},
  VOLUME = {72},
  NUMBER = {2},
  PAGES = {A19--A23},
  YEAR = {2007},
  NOTE = {\href{https://doi.org/10.1190/1.2434781}{doi: 10.1190/1.2434781}}
}

@ARTICLE{GEO.04.Commer,
  TITLE={A parallel finite-difference approach for {3D} transient electromagnetic modeling with galvanic sources},
  AUTHOR={Michael Commer and Gregory Newman},
  JOURNAL={Geophysics},
  VOLUME={69},
  NUMBER={5},
  PAGES={1192--1202},
  YEAR={2004},
  NOTE = {\href{https://doi.org/10.1190/1.1801936}{doi: 10.1190/1.1801936}},
}

@ARTICLE{GEO.04.Haber,
  AUTHOR = {Eldad Haber and Uri M[] Ascher and Douglas W[] Oldenburg},
  TITLE = {Inversion of {3D} electromagnetic data in frequency and time domain using an inexact all‐at‐once approach},
  JOURNAL = {Geophysics},
  VOLUME = {69},
  NUMBER = {5},
  PAGES = {1216--1228},
  YEAR = {2004},
  NOTE = {\href{https://doi.org/10.1190/1.1801938}{doi: 10.1190/1.1801938}},
}

@ARTICLE{RS.94.Druskin,
  AUTHOR = {Vladimir Druskin and Leonid Knizhnerman},
  TITLE = {Spectral approach to solving three-dimensional {M}axwell's diffusion equations in the time and frequency domains},
  JOURNAL = {Radio Science},
  VOLUME = {29},
  NUMBER = {4},
  PAGES = {937--953},
  YEAR = {1994},
  NOTE = {\href{https://doi.org/10.1029/94RS00747}{doi: 10.1029/94RS00747}},
}
